@inproceedings{DeBruijn2010,
    title = {{Ambiguity in natural language software requirements: A case study}},
    year = {2010},
    booktitle = {Lecture Notes in Computer Science (including subseries Lecture Notes in Artificial Intelligence and Lecture Notes in Bioinformatics)},
    author = {De Bruijn, Fabian and Dekkers, Hans L.},
    pages = {233--247},
    volume = {6182 LNCS},
    isbn = {3642141919},
    doi = {10.1007/978-3-642-14192-8{\_}21},
    issn = {03029743},
    keywords = {Ambiguity, Empirical, Natural language, Requirements specification}
}

@article{arora2015automated,
    title = {{Automated checking of conformance to requirements templates using natural language processing}},
    year = {2015},
    journal = {IEEE transactions on Software Engineering},
    author = {Arora, Chetan and Sabetzadeh, Mehrdad and Briand, Lionel and Zimmer, Frank},
    number = {10},
    pages = {944--968},
    volume = {41},
    publisher = {IEEE}
}

@article{falessi2011empirical,
    title = {{Empirical principles and an industrial case study in retrieving equivalent requirements via natural language processing techniques}},
    year = {2011},
    journal = {IEEE Transactions on Software Engineering},
    author = {Falessi, Davide and Cantone, Giovanni and Canfora, Gerardo},
    number = {1},
    pages = {18--44},
    volume = {39},
    publisher = {IEEE}
}

@inproceedings{chantree2006identifying,
    title = {{Identifying nocuous ambiguities in natural language requirements}},
    year = {2006},
    booktitle = {14th IEEE International Requirements Engineering Conference (RE'06)},
    author = {Chantree, Francis and Nuseibeh, Bashar and De Roeck, Anne and Willis, Alistair},
    pages = {59--68},
    organization = {IEEE}
}

@article{schlutter2018knowledge,
    title = {{Knowledge representation of requirements documents using natural language processing}},
    year = {2018},
    author = {Schlutter, Aaron and Vogelsang, Andreas}
}

@article{Kothari2015,
    title = {{Natural Language Processing of Textual Requirements}},
    year = {2015},
    journal = {Proceedings of the Workshops, 19th International Conference Conference on Automated Software Engineering},
    author = {Kothari, Poonam R and Lindblad, Niklas and Wester, Andreas and Ibrahim, Mohd and Ahmad, Rodina and MacDonell, SG and Min, K and Connor, AM and Fantechi, A. and Gnesi, S. and Ristori, G. and Carenini, M. and Vanocchi, M. and Moreschini, P. and Kof, Leonid and {P. More} and {R.Phalnikar} and Yalla, Prasanth and Sharma, Nakul and MacDonell, SG and Min, K and Connor, AM and Arellano, Andres and Carney, Edward and Martin, Lockheed and Park, College and Austin, Mark A and Goldin, L. and Berry, D.M. and Flores, JJG and Al-zaghoul, Fawaz Ahmad and Al-zaghoul, Fawaz Ahmad and Bures, T. and Hnetynka, P. and Kroha, P. and Simko., V. and Rolland, C and Proix, C and Shinde, Subhash K and Kof, Leonid and Arellano, Andres and Carney, Edward and Martin, Lockheed and Park, College and Austin, Mark A and Kaiya, H. and Saeki, M. and Abbas, Feroz and Kof, Leonid and Yang, Hui and de Roeck, Anne and Gervasi, Vincenzo and Willis, Alistair and Nuseibeh, Bashar and Shah, Unnati S. and Jinwala, Devesh C. and Ambriola, Vincenzo and Gervasi, Vincenzo},
    number = {3},
    pages = {93--97},
    volume = {9},
    url = {http://www.scopus.com/inward/record.url?eid=2-s2.0-0031382855&partnerID=40&md5=4955a5a118bfcb0fcc5d2ae485654004%5Cnhttp://doi.acm.org/10.1145/2815021.2815032%5Cnhttp://citeseerx.ist.psu.edu/viewdoc/download?doi=10.1.1.61.5849&rep=rep1&type=pdf%5Cnhttp://r},
    isbn = {9781612083995},
    doi = {10.1109/RE.2006.72},
    issn = {03029743},
    pmid = {3855355746424284029},
    keywords = {- requirement engineering, - systems engineering, Anaphoric ambiguity, Antecedent preference heuristics, Computational linguistics, Domain Ontology, Human judgements, Machine learning, NLP (Natural Language Processing), Natural language, Natural language processing (NLP), Natural language understanding (NLU), Nocuous ambiguity, Noun-phrase coreference resolution, Ontology, POS (Part Of Speech) Tagger, Requirement Analysis, Requirement Specification, Requirement engineering, Requirements, Semantic analysis, Software Requirement Specification, Software development life cycle (SDLC), Software engineering (SE), UML Class Diagram, Unified Modeling Language, abstraction finder, action-based logics, evaluation of tool, however, natural language, natural language processing, natural language text, nl, nlp, of natu-, ontologies, part of speech, pos, processing, quirenient validution, ral language as a, re-, requirement engineering, requirement formalization, requirements, requirements elicitation, rule checking, software requirements, tagging, these observations lead us, to enhance the role, tool use, tools, way of expressing requirements, web-based etiviromierits}
}

@incollection{Yilmaz2011,
    title = {{Natural language processing techniques in requirements engineering}},
    year = {2011},
    booktitle = {Knowledge Engineering for Software Development Life Cycles: Support Technologies and Applications},
    author = {Yilmaz, A. Egemen and Yilmaz, I. Berk},
    pages = {21--33},
    isbn = {9781609605094},
    doi = {10.4018/978-1-60960-509-4.ch002}
}

@article{Ferrari2018,
    title = {{Natural language requirements processing}},
    year = {2018},
    journal = {Proceedings of the 40th International Conference on Software Engineering Companion Proceeedings - ICSE '18},
    author = {Ferrari, Alessio},
    pages = {536--537},
    url = {http://dl.acm.org/citation.cfm?doid=3183440.3183467},
    isbn = {9781450356633},
    doi = {10.1145/3183440.3183467}
}

@inproceedings{10.1007/978-3-319-77243-1_8,
    title = {{Pinpointing Ambiguity and Incompleteness in Requirements Engineering via Information Visualization and NLP}},
    year = {2018},
    booktitle = {Requirements Engineering: Foundation for Software Quality},
    author = {Dalpiaz, Fabiano and van der Schalk, Ivor and Lucassen, Garm},
    editor = {Kamsties, Erik and Horkoff, Jennifer and Dalpiaz, Fabiano},
    pages = {119--135},
    publisher = {Springer International Publishing},
    address = {Cham},
    isbn = {978-3-319-77243-1}
}

@inproceedings{kamsties2000taming,
    title = {{Taming ambiguity in natural language requirements}},
    year = {2000},
    booktitle = {Proceedings of the Thirteenth {\ldots}},
    author = {Kamsties, Erik and Peach, B},
    pages = {1--8},
    volume = {2},
    url = {http://citeseerx.ist.psu.edu/viewdoc/download;jsessionid=39128537B87DE77C3F2F8E66A84B1047?doi=10.1.1.456.1925&rep=rep1&type=pdf%5Cnhttp://citeseerx.ist.psu.edu/viewdoc/summary?doi=10.1.1.456.1925%5Cnhttp://www.prof.kamsties.com/download/icssea2000.pdf},
    isbn = {3-8167-5903-3},
    keywords = {ambiguity, metamodels, natural language requirements, requirements specification}
}

@inproceedings{10.1007/978-3-319-54045-0_24,
    title = {{Using NLP to Detect Requirements Defects: An Industrial Experience in the Railway Domain}},
    year = {2017},
    booktitle = {Requirements Engineering: Foundation for Software Quality},
    author = {Rosadini, Benedetta and Ferrari, Alessio and Gori, Gloria and Fantechi, Alessandro and Gnesi, Stefania and Trotta, Iacopo and Bacherini, Stefano},
    editor = {Gr{\"{u}}nbacher, Paul and Perini, Anna},
    pages = {344--360},
    publisher = {Springer International Publishing},
    address = {Cham},
    isbn = {978-3-319-54045-0}
}

@techreport{KurakinADVERSARIALSCALE,
    title = {{ADVERSARIAL MACHINE LEARNING AT SCALE}},
    author = {Kurakin, Alexey and Brain, Google and Openai, Ian J Goodfellow and Bengio, Samy},
    arxivId = {1611.01236v1}
}

@techreport{KurakinADVERSARIALSCALEb,
    title = {{ADVERSARIAL MACHINE LEARNING AT SCALE}},
    author = {Kurakin, Alexey and Brain, Google and Openai, Ian J Goodfellow and Bengio, Samy},
    arxivId = {1611.01236v2}
}

@techreport{KurakinADVERSARIALSCALEc,
    title = {{ADVERSARIAL MACHINE LEARNING AT SCALE}},
    author = {Kurakin, Alexey and Brain, Google and Openai, Ian J Goodfellow and Bengio, Samy},
    arxivId = {1611.01236v2}
}

@article{Yang2011AnalysingRequirements,
    title = {{Analysing anaphoric ambiguity in natural language requirements}},
    year = {2011},
    journal = {Requirements engineering},
    author = {Yang, Hui and De Roeck, Anne and Gervasi, Vincenzo and Willis, Alistair and Nuseibeh, Bashar},
    number = {3},
    pages = {163},
    volume = {16},
    publisher = {Springer}
}

@article{Woo2018CBAM:Module,
    title = {{CBAM: Convolutional Block Attention Module}},
    year = {2018},
    author = {Woo, Sanghyun and Park, Jongchan and Lee, Joon-Young and Kweon, In So},
    month = {7},
    url = {http://arxiv.org/abs/1807.06521},
    arxivId = {1807.06521}
}

@article{Samangouei2018Defense-gan:Models,
    title = {{Defense-gan: Protecting classifiers against adversarial attacks using generative models}},
    year = {2018},
    journal = {arXiv},
    author = {Samangouei, Pouya and Kabkab, Maya and Chellappa, Rama},
    number = {3},
    arxivId = {1805.06605}
}

@article{Selvaraju2020Grad-CAM:Localization,
    title = {{Grad-CAM: Visual Explanations from Deep Networks via Gradient-Based Localization}},
    year = {2020},
    journal = {International Journal of Computer Vision},
    author = {Selvaraju, Ramprasaath R. and Cogswell, Michael and Das, Abhishek and Vedantam, Ramakrishna and Parikh, Devi and Batra, Dhruv},
    number = {2},
    pages = {336--359},
    volume = {128},
    doi = {10.1007/s11263-019-01228-7},
    issn = {15731405},
    arxivId = {1610.02391},
    keywords = {Explanations, Grad-CAM, Interpretability, Transparency, Visual explanations, Visualizations}
}

@article{Szegedy2013IntriguingNetworks,
    title = {{Intriguing properties of neural networks}},
    year = {2013},
    author = {Szegedy, Christian and Zaremba, Wojciech and Sutskever, Ilya and Bruna, Joan and Erhan, Dumitru and Goodfellow, Ian and Fergus, Rob},
    month = {12},
    url = {http://arxiv.org/abs/1312.6199},
    arxivId = {1312.6199}
}

@article{Xie2017MitigatingRandomization,
    title = {{Mitigating Adversarial Effects Through Randomization}},
    year = {2017},
    author = {Xie, Cihang and Wang, Jianyu and Zhang, Zhishuai and Ren, Zhou and Yuille, Alan},
    month = {11},
    url = {http://arxiv.org/abs/1711.01991},
    arxivId = {1711.01991}
}

@article{Kodali2017OnGANs,
    title = {{On Convergence and Stability of GANs}},
    year = {2017},
    author = {Kodali, Naveen and Abernethy, Jacob and Hays, James and Kira, Zsolt},
    month = {5},
    url = {http://arxiv.org/abs/1705.07215},
    arxivId = {1705.07215}
}

@inproceedings{Zhang2018OnGAN,
    title = {{On the convergence and mode collapse of GAN}},
    year = {2018},
    booktitle = {SIGGRAPH Asia 2018 Technical Briefs, SA 2018},
    author = {Zhang, Zhaoyu and Li, Mengyan and Yu, Jun},
    month = {12},
    publisher = {Association for Computing Machinery, Inc},
    isbn = {9781450360623},
    doi = {10.1145/3283254.3283282},
    keywords = {Convergence, GAN, Mode collapse.}
}

@inproceedings{Chen2018SketchyGAN:Synthesis,
    title = {{SketchyGAN: Towards Diverse and Realistic Sketch to Image Synthesis}},
    year = {2018},
    booktitle = {Proceedings of the IEEE Computer Society Conference on Computer Vision and Pattern Recognition},
    author = {Chen, Wengling and Hays, James},
    number = {ii},
    pages = {9416--9425},
    isbn = {9781538664209},
    doi = {10.1109/CVPR.2018.00981},
    issn = {10636919},
    arxivId = {1801.02753}
}

@inproceedings{Taigman2017UnsupervisedGeneration,
    title = {{Unsupervised cross-domain image generation}},
    year = {2017},
    booktitle = {5th International Conference on Learning Representations, ICLR 2017 - Conference Track Proceedings},
    author = {Taigman, Yaniv and Polyak, Adam and Wolf, Lior},
    month = {11},
    url = {http://arxiv.org/abs/1611.02200},
    arxivId = {1611.02200}
}